<?xml version="1.0" encoding="UTF-8"?><collection xmlns="http://www.loc.gov/MARC21/slim"><record><leader>00400nam--2200133-i-4500</leader><controlfield tag="001">000032893</controlfield><controlfield tag="002">20161230</controlfield><controlfield tag="005">20161230201039</controlfield><controlfield tag="008">060222s1000------------r-----000-0-eng-d</controlfield><datafield ind1=" " ind2=" " tag="080"><subfield code="a">530.145</subfield></datafield><datafield ind1=" " ind2=" " tag="100"><subfield code="a">Marinaro, M. And Scarpetta, G</subfield></datafield><datafield ind1=" " ind2=" " tag="245"><subfield code="a">On the renormalizable approximations in field theory</subfield></datafield><datafield ind1=" " ind2=" " tag="260"><subfield code="a">Napoli, Instituto Di Fisica Teorica Dell`Universita Di Napoli, 1`969, 38p</subfield></datafield><datafield ind1=" " ind2=" " tag="852"><subfield code="a">33032</subfield></datafield></record></collection>